@article{widrow199030,
  title={30 years of adaptive neural networks: perceptron, madaline, and backpropagation},
  author={Widrow, Bernard and Lehr, Michael A},
  journal={Proceedings of the IEEE},
  volume={78},
  number={9},
  pages={1415--1442},
  year={1990},
  publisher={IEEE}
}

@article{lippmann1989pattern,
  title={Pattern classification using neural networks},
  author={Lippmann, Richard P},
  journal={IEEE communications magazine},
  volume={27},
  number={11},
  pages={47--50},
  year={1989},
  publisher={IEEE}
}

@article{jain1996artificial,
  title={Artificial neural networks: A tutorial},
  author={Jain, Anil K and Mao, Jianchang and Mohiuddin, K Moidin},
  journal={Computer},
  volume={29},
  number={3},
  pages={31--44},
  year={1996},
  publisher={IEEE}
}

@article{gershenson2003artificial,
  title={Artificial neural networks for beginners},
  author={Gershenson, Carlos},
  journal={arXiv preprint cs/0308031},
  year={2003}
}

@book{priddy2005artificial,
  title={Artificial neural networks: an introduction},
  author={Priddy, Kevin L and Keller, Paul E},
  volume={68},
  year={2005},
  publisher={SPIE press}
}

@article{abiodun2018state,
  title={State-of-the-art in artificial neural network applications: A survey},
  author={Abiodun, Oludare Isaac and Jantan, Aman and Omolara, Abiodun Esther and Dada, Kemi Victoria and Mohamed, Nachaat AbdElatif and Arshad, Humaira},
  journal={Heliyon},
  volume={4},
  number={11},
  pages={e00938},
  year={2018},
  publisher={Elsevier}
}

@article{geman1992neural,
  title={Neural networks and the bias/variance dilemma},
  author={Geman, Stuart and Bienenstock, Elie and Doursat, Ren{\'e}},
  journal={Neural computation},
  volume={4},
  number={1},
  pages={1--58},
  year={1992},
  publisher={MIT Press}
}

@book{rosenblatt1957perceptron,
	title={The perceptron, a perceiving and recognizing automaton Project Para},
	author={Rosenblatt, Frank},
	year={1957},
	publisher={Cornell Aeronautical Laboratory}
}

@techreport{widrow1960adaptive,
	title={Adaptive switching circuits},
	author={Widrow, Bernard and Hoff, Marcian E},
	year={1960},
	institution={Stanford Univ Ca Stanford Electronics Labs}
}

@article{mcculloch1943logical,
	title={A logical calculus of the ideas immanent in nervous activity},
	author={McCulloch, Warren S and Pitts, Walter},
	journal={The bulletin of mathematical biophysics},
	volume={5},
	number={4},
	pages={115--133},
	year={1943},
	publisher={Springer}
}

@book{james1984psychology,
	title={Psychology, briefer course},
	author={James, William},
	volume={14},
	year={1984},
	publisher={Harvard University Press}
}

@book{hebb2005organization,
	title={The organization of behavior: A neuropsychological theory},
	author={Hebb, Donald Olding},
	year={2005},
	publisher={Psychology Press}
}

@book{hebb1949organization,
	title={The organization of behavior: a neuropsychological theory},
	author={Hebb, Donald Olding},
	year={1949},
	publisher={J. Wiley; Chapman \& Hall}
}

@article{sanger1989optimal,
	title={Optimal unsupervised learning in a single-layer linear feedforward neural network},
	author={Sanger, Terence D},
	journal={Neural networks},
	volume={2},
	number={6},
	pages={459--473},
	year={1989},
	publisher={Elsevier}
}

@article{oja1982simplified,
	title={Simplified neuron model as a principal component analyzer},
	author={Oja, Erkki},
	journal={Journal of mathematical biology},
	volume={15},
	number={3},
	pages={267--273},
	year={1982},
	publisher={Springer}
}


@article{cover1965geometrical,
	title={Geometrical and statistical properties of systems of linear inequalities with applications in pattern recognition},
	author={Cover, Thomas M},
	journal={IEEE transactions on electronic computers},
	number={3},
	pages={326--334},
	year={1965},
	publisher={IEEE}
}

@techreport{rumelhart1985learning,
	title={Learning internal representations by error propagation},
	author={Rumelhart, David E and Hinton, Geoffrey E and Williams, Ronald J},
	year={1985},
	institution={California Univ San Diego La Jolla Inst for Cognitive Science}
}

@book{hertz2018introduction,
	title={Introduction to the theory of neural computation},
	author={Hertz, John A},
	year={2018},
	publisher={CRC Press}
}

@article{hertz1991introduction,
	title={Introduction to the theory of neural computation},
	author={Hertz, John and Krogh, Anders and Palmer, Richard G and Horner, Heinz},
	journal={PhT},
	volume={44},
	number={12},
	pages={70},
	year={1991}
}

@article{minsky1969introduction,
	title={An introduction to computational geometry},
	author={Minsky, Marvin and Papert, Seymour},
	journal={Cambridge tiass., HIT},
	year={1969}
}

@article{moller1993scaled,
	title={A scaled conjugate gradient algorithm for fast supervised learning},
	author={M{\o}ller, Martin Fodslette},
	journal={Neural networks},
	volume={6},
	number={4},
	pages={525--533},
	year={1993},
	publisher={Elsevier}
}

@article{johansson1991backpropagation,
	title={Backpropagation learning for multilayer feed-forward neural networks using the conjugate gradient method},
	author={Johansson, Erik M and Dowla, Farid U and Goodman, Dennis M},
	journal={International Journal of Neural Systems},
	volume={2},
	number={04},
	pages={291--301},
	year={1991},
	publisher={World Scientific}
}

@article{cover1965geometrical,
	title={Geometrical and statistical properties of systems of linear inequalities with applications in pattern recognition},
	author={Cover, Thomas M},
	journal={IEEE transactions on electronic computers},
	number={3},
	pages={326--334},
	year={1965},
	publisher={IEEE}
}

@book{haykin2007neural,
	title={Neural networks: a comprehensive foundation},
	author={Haykin, Simon},
	year={2007},
	publisher={Prentice-Hall, Inc.}
}

@article{hagan1994training,
	title={Training feedforward networks with the Marquardt algorithm},
	author={Hagan, Martin T and Menhaj, Mohammad B},
	journal={IEEE transactions on Neural Networks},
	volume={5},
	number={6},
	pages={989--993},
	year={1994},
	publisher={IEEE}
}

@article{jacobs1988increased,
	title={Increased rates of convergence through learning rate adaptation},
	author={Jacobs, Robert A},
	journal={Neural networks},
	volume={1},
	number={4},
	pages={295--307},
	year={1988},
	publisher={Elsevier}
}

@article{battiti1992first,
	title={First-and second-order methods for learning: between steepest descent and Newton's method},
	author={Battiti, Roberto},
	journal={Neural computation},
	volume={4},
	number={2},
	pages={141--166},
	year={1992},
	publisher={MIT Press}
}

@article{magoulas1999improving,
	title={Improving the convergence of the backpropagation algorithm using learning rate adaptation methods},
	author={Magoulas, George D. and Vrahatis, Michael N. and Androulakis, George S},
	journal={Neural Computation},
	volume={11},
	number={7},
	pages={1769--1796},
	year={1999},
	publisher={MIT Press}
}

@article{mcloone1999variable,
	title={A variable memory quasi-Newton training algorithm},
	author={Mcloone, Se{\'a}n and Irwin, George},
	journal={Neural Processing Letters},
	volume={9},
	number={1},
	pages={77--89},
	year={1999},
	publisher={Springer}
}

@inproceedings{riedmiller1993direct,
	title={A direct adaptive method for faster backpropagation learning: The RPROP algorithm},
	author={Riedmiller, Martin and Braun, Heinrich},
	booktitle={IEEE international conference on neural networks},
	pages={586--591},
	year={1993},
	organization={IEEE}
}

@inproceedings{macukow2016neural,
	title={Neural networks--state of art, brief history, basic models and architecture},
	author={Macukow, Bohdan},
	booktitle={IFIP international conference on computer information systems and industrial management},
	pages={3--14},
	year={2016},
	organization={Springer}
}

@techreport{broomhead1988radial,
	title={Radial basis functions, multi-variable functional interpolation and adaptive networks},
	author={Broomhead, David S and Lowe, David},
	year={1988},
	institution={Royal Signals and Radar Establishment Malvern (United Kingdom)}
}

@article{platt1991resource,
	title={A resource-allocating network for function interpolation},
	author={Platt, John},
	journal={Neural computation},
	volume={3},
	number={2},
	pages={213--225},
	year={1991},
	publisher={MIT Press}
}

@article{park1991universal,
	title={Universal approximation using radial-basis-function networks},
	author={Park, Jooyoung and Sandberg, Irwin W},
	journal={Neural computation},
	volume={3},
	number={2},
	pages={246--257},
	year={1991},
	publisher={MIT Press}
}

@article{kohonen1982self,
	title={Self-organized formation of topologically correct feature maps},
	author={Kohonen, Teuvo},
	journal={Biological cybernetics},
	volume={43},
	number={1},
	pages={59--69},
	year={1982},
	publisher={Springer}
}

@article{carpenter1987massively,
	title={A massively parallel architecture for a self-organizing neural pattern recognition machine},
	author={Carpenter, Gail A and Grossberg, Stephen},
	journal={Computer vision, graphics, and image processing},
	volume={37},
	number={1},
	pages={54--115},
	year={1987},
	publisher={Academic Press}
}

@article{hopfield1982neural,
	title={Neural networks and physical systems with emergent collective computational abilities},
	author={Hopfield, John J},
	journal={Proceedings of the national academy of sciences},
	volume={79},
	number={8},
	pages={2554--2558},
	year={1982},
	publisher={National Acad Sciences}
}


@article{widrow1962generalization,
	title={Generalization and information storage in network of adaline'neurons'},
	author={Widrow, Bernard},
	journal={Self-organizing systems-1962},
	pages={435--462},
	year={1962},
	publisher={Spartan Books}
}

@inproceedings{winter1988madaline,
	title={MADALINE RULE II: A training algorithm for neural networks},
	author={Winter, Capt Rodney and Widrow, B},
	booktitle={Secondf Annual International Conference on Neural Networks},
	pages={1--401},
	year={1988}
}

@inproceedings{lecun1993automatic,
	title={Automatic learning rate maximization by on-line estimation of the hessian's eigenvectors},
	author={LeCun, Yann and Simard, Patrice Y and Pearlmutter, Barak},
	booktitle={Advances in neural information processing systems},
	pages={156--163},
	year={1993}
}

@article{lecun1993efficient,
	title={Efficient learning and second-order methods},
	author={LeCun, Yann},
	journal={A tutorial at NIPS},
	volume={93},
	pages={61},
	year={1993}
}

@article{drucker1992improving,
	title={Improving performance in neural networks using a boosting algorithm},
	author={Drucker, Harris and Schapire, Robert and Simard, Patrice},
	journal={Advances in neural information processing systems},
	volume={5},
	pages={42--49},
	year={1992}
}

@article{lecun1990second,
	title={Second order properties of error surfaces: Learning time and generalization},
	author={LeCun, Yann and Kanter, Ido and Solla, Sara},
	journal={Advances in neural information processing systems},
	volume={3},
	pages={918--924},
	year={1990}
}

@misc{bishop1992exact,
	title={Exact calculation of the Hessian matrix for the multilayer perceptron},
	author={Bishop, Chris},
	year={1992},
	publisher={MIT Press}
}

@incollection{lecun2012efficient,
	title={Efficient backprop},
	author={LeCun, Yann A and Bottou, L{\'e}on and Orr, Genevieve B and M{\"u}ller, Klaus-Robert},
	booktitle={Neural networks: Tricks of the trade},
	pages={9--48},
	year={2012},
	publisher={Springer}
}

@article{sagun2017empirical,
	title={Empirical analysis of the hessian of over-parametrized neural networks},
	author={Sagun, Levent and Evci, Utku and Guney, V Ugur and Dauphin, Yann and Bottou, Leon},
	journal={arXiv preprint arXiv:1706.04454},
	year={2017}
}


@inproceedings{james2010hessianfree,
	author = {Martens, James},
	title = {Deep Learning via Hessian-Free Optimization},
	year = {2010},
	isbn = {9781605589077},
	publisher = {Omnipress},
	address = {Madison, WI, USA},
	booktitle = {Proceedings of the 27th International Conference on International Conference on Machine Learning},
	pages = {735–742},
	numpages = {8},
	location = {Haifa, Israel},
	series = {ICML'10}
}

@article{vogl1988accelerating,
	title={Accelerating the convergence of the back-propagation method},
	author={Vogl, Thomas P and Mangis, JK and Rigler, AK and Zink, WT and Alkon, DL},
	journal={Biological cybernetics},
	volume={59},
	number={4-5},
	pages={257--263},
	year={1988},
	publisher={Springer}
}

@inproceedings{becker1988improving,
	title={Improving the convergence of back-propagation learning with second order methods},
	author={Becker, Sue and Le Cun, Yann and others},
	booktitle={Proceedings of the 1988 connectionist models summer school},
	pages={29--37},
	year={1988}
}

@article{robitaille1996modified,
	title={Modified quasi-Newton methods for training neural networks},
	author={Robitaille, B and Marcos, B and Veillette, M and Payre, G},
	journal={Computers \& chemical engineering},
	volume={20},
	number={9},
	pages={1133--1140},
	year={1996},
	publisher={Elsevier}
}


@article{ilonen2003differential,
	title={Differential evolution training algorithm for feed-forward neural networks},
	author={Ilonen, Jarmo and Kamarainen, Joni-Kristian and Lampinen, Jouni},
	journal={Neural Processing Letters},
	volume={17},
	number={1},
	pages={93--105},
	year={2003},
	publisher={Springer}
}

@article{ding2011optimizing,
	title={An optimizing BP neural network algorithm based on genetic algorithm},
	author={Ding, Shifei and Su, Chunyang and Yu, Junzhao},
	journal={Artificial intelligence review},
	volume={36},
	number={2},
	pages={153--162},
	year={2011},
	publisher={Springer}
}


@article{mirjalili2019evolutionary,
	title={Evolutionary algorithms and neural networks},
	author={Mirjalili, Seyedali},
	journal={Studies in Computational Intelligence},
	year={2019},
	publisher={Springer}
}

@article{yao1999evolving,
	title={Evolving artificial neural networks},
	author={Yao, Xin},
	journal={Proceedings of the IEEE},
	volume={87},
	number={9},
	pages={1423--1447},
	year={1999},
	publisher={IEEE}
}

@article{micchelli1986interpolation,
	title={Interpolation of scattered data: distance matrices and conditionally positive definite functions},
	author={Micchelli, Charles A},
	journal={Constructive approximation},
	volume={2},
	number={1},
	pages={11--22},
	year={1986},
	publisher={Springer}
}

@article{broomhead1988multivariablefi,
	title={Multivariable Functional Interpolation and Adaptive Networks},
	author={D. Broomhead and D. Lowe},
	journal={Complex Syst.},
	year={1988},
	volume={2}
}

@article{park1993approximation,
	title={Approximation and radial-basis-function networks},
	author={Park, Jooyoung and Sandberg, Irwin W},
	journal={Neural computation},
	volume={5},
	number={2},
	pages={305--316},
	year={1993},
	publisher={MIT Press}
}

@article{wu2012using,
	title={Using radial basis function networks for function approximation and classification},
	author={Wu, Yue and Wang, Hui and Zhang, Biaobiao and Du, K-L},
	journal={ISRN Applied Mathematics},
	volume={2012},
	year={2012},
	publisher={Hindawi}
}

@article{poggio1990networks,
	title={Networks for approximation and learning},
	author={Poggio, Tomaso and Girosi, Federico},
	journal={Proceedings of the IEEE},
	volume={78},
	number={9},
	pages={1481--1497},
	year={1990},
	publisher={IEEE}
}

@article{liao2003relaxed,
	title={Relaxed conditions for radial-basis function networks to be universal approximators},
	author={Liao, Yi and Fang, Shu-Cherng and Nuttle, Henry LW},
	journal={Neural Networks},
	volume={16},
	number={7},
	pages={1019--1028},
	year={2003},
	publisher={Elsevier}
}

@article{sanchez1995second,
	title={Second derivative dependent placement of RBF centers},
	author={S{\'a}nchez A, V David},
	journal={Neurocomputing},
	volume={7},
	number={3},
	pages={311--317},
	year={1995},
	publisher={Elsevier}
}

@article{moody1989fast,
	title={Fast learning in networks of locally-tuned processing units},
	author={Moody, John and Darken, Christian J},
	journal={Neural computation},
	volume={1},
	number={2},
	pages={281--294},
	year={1989},
	publisher={MIT Press}
}

@inproceedings{chen1993hybrid,
	title={Hybrid learning algorithm for Gaussian potential function networks},
	author={Chen, C-L and Chen, W-C and Chang, F-Y},
	booktitle={IEE Proceedings D (Control Theory and Applications)},
	volume={140},
	number={6},
	pages={442--448},
	year={1993},
	organization={IET}
}

@book{kohonen2012self,
	title={Self-organization and associative memory},
	author={Kohonen, Teuvo},
	volume={8},
	year={2012},
	publisher={Springer Science \& Business Media}
}

@book{du2006neural,
	title={Neural networks in a softcomputing framework},
	author={Du, Ke-Lin and Swamy, Madisetti NS},
	year={2006},
	publisher={Springer Science \& Business Media}
}

@article{du2010clustering,
	title={Clustering: A neural network approach},
	author={Du, K-L},
	journal={Neural networks},
	volume={23},
	number={1},
	pages={89--107},
	year={2010},
	publisher={Elsevier}
}

@article{golub1980analysis,
	title={An analysis of the total least squares problem},
	author={Golub, Gene H and Van Loan, Charles F},
	journal={SIAM journal on numerical analysis},
	volume={17},
	number={6},
	pages={883--893},
	year={1980},
	publisher={SIAM}
}

@article{abe2003fast,
	title={Fast computation of RBF coefficients for regularly sampled inputs},
	author={Abe, Yoshinori and Figuni, Y},
	journal={Electronics Letters},
	volume={39},
	number={6},
	pages={543--544},
	year={2003},
	publisher={IET}
}

@article{kaminski1997kernel,
	title={Kernel orthonormalization in radial basis function neural networks},
	author={Kaminski, Wladyslaw and Strumillo, Pawel},
	journal={IEEE Transactions on Neural Networks},
	volume={8},
	number={5},
	pages={1177--1183},
	year={1997},
	publisher={IEEE}
}

@article{chen1991orthogonal,
	title={Orthogonal least squares learning algorithm for radial basis function networks},
	author={Chen, Sheng and Cowan, Colin FN and Grant, Peter M},
	journal={IEEE Transactions on neural networks},
	volume={2},
	number={2},
	pages={302--309},
	year={1991}
}

@inproceedings{chen1992orthogonal,
	title={Orthogonal least-squares algorithm for training multioutput radial basis function networks},
	author={Chen, S and Grant, PM and Cowan, CFN},
	booktitle={IEE Proceedings F (Radar and Signal Processing)},
	volume={139},
	number={6},
	pages={378--384},
	year={1992},
	organization={IET}
}

@article{chen1995fast,
	title={Fast orthogonal least squares algorithm for efficient subset model selection},
	author={Chen, S and Wigger, J},
	journal={IEEE Transactions on Signal Processing},
	volume={43},
	number={7},
	pages={1713--1715},
	year={1995},
	publisher={IEEE}
}

@article{hong1997givens,
	title={Givens rotation based fast backward elimination algorithm for RBF neural network pruning},
	author={Hong, Xia and Billings, SA},
	journal={IEE Proceedings-Control Theory and Applications},
	volume={144},
	number={5},
	pages={381--384},
	year={1997},
	publisher={IET}
}

@article{yu1997recursive,
	title={A recursive orthogonal least squares algorithm for training RBF networks},
	author={Yu, DL and Gomm, JB and Williams, D},
	journal={Neural Processing Letters},
	volume={5},
	number={3},
	pages={167--176},
	year={1997},
	publisher={Springer}
}

@inproceedings{wettschereck1992improving,
	title={Improving the performance of radial basis function networks by learning center locations},
	author={Wettschereck, Dietrich and Dietterich, Thomas},
	booktitle={Advances in neural information processing systems},
	pages={1133--1140},
	year={1992}
}

@article{vakil2004training,
	title={Training RBF networks with selective backpropagation},
	author={Vakil-Baghmisheh, Mohammad-Taghi and Pave{\v{s}}i{\'c}, Nikola},
	journal={Neurocomputing},
	volume={62},
	pages={39--64},
	year={2004},
	publisher={Elsevier}
}

@article{roy1995algorithm,
	title={An algorithm to generate radial basis function (RBF)-like nets for classification problems},
	author={Roy, Asim and Govil, Sandeep and Miranda, Raymond},
	journal={Neural networks},
	volume={8},
	number={2},
	pages={179--201},
	year={1995},
	publisher={Elsevier}
}

@article{hornik1989multilayer,
	title={Multilayer feedforward networks are universal approximators.},
	author={Hornik, Kurt and Stinchcombe, Maxwell and White, Halbert and others},
	journal={Neural networks},
	volume={2},
	number={5},
	pages={359--366},
	year={1989}
}

@article{huang2006extreme,
	title={Extreme learning machine: theory and applications},
	author={Huang, Guang-Bin and Zhu, Qin-Yu and Siew, Chee-Kheong},
	journal={Neurocomputing},
	volume={70},
	number={1-3},
	pages={489--501},
	year={2006},
	publisher={Elsevier}
}

@article{wang2011study,
	title={A study on effectiveness of extreme learning machine},
	author={Wang, Yuguang and Cao, Feilong and Yuan, Yubo},
	journal={Neurocomputing},
	volume={74},
	number={16},
	pages={2483--2490},
	year={2011},
	publisher={Elsevier}
}

@article{ding2015extreme,
	title={Extreme learning machine: algorithm, theory and applications},
	author={Ding, Shifei and Zhao, Han and Zhang, Yanan and Xu, Xinzheng and Nie, Ru},
	journal={Artificial Intelligence Review},
	volume={44},
	number={1},
	pages={103--115},
	year={2015},
	publisher={Springer}
}

@article{huang2007convex,
	title={Convex incremental extreme learning machine},
	author={Huang, Guang-Bin and Chen, Lei},
	journal={Neurocomputing},
	volume={70},
	number={16-18},
	pages={3056--3062},
	year={2007},
	publisher={Elsevier}
}

@inproceedings{deng2009regularized,
	title={Regularized extreme learning machine},
	author={Deng, Wanyu and Zheng, Qinghua and Chen, Lin},
	booktitle={2009 IEEE symposium on computational intelligence and data mining},
	pages={389--395},
	year={2009},
	organization={IEEE}
}

@article{deng2010research,
	title={Research on extreme learning of neural networks},
	author={Deng, Wan-Yu and Zheng, Qing-Hua and Chen, Lin and Xu, Xue-Bin},
	journal={Chinese Journal of Computers},
	volume={33},
	number={2},
	pages={279--287},
	year={2010}
}

@article{tang2015extreme,
	title={Extreme learning machine for multilayer perceptron},
	author={Tang, Jiexiong and Deng, Chenwei and Huang, Guang-Bin},
	journal={IEEE transactions on neural networks and learning systems},
	volume={27},
	number={4},
	pages={809--821},
	year={2015},
	publisher={IEEE}
}

@inproceedings{huang2004extreme,
	title={Extreme learning machine: a new learning scheme of feedforward neural networks},
	author={Huang, Guang-Bin and Zhu, Qin-Yu and Siew, Chee-Kheong},
	booktitle={2004 IEEE international joint conference on neural networks (IEEE Cat. No. 04CH37541)},
	volume={2},
	pages={985--990},
	year={2004},
	organization={IEEE}
}

@article{huang2011extreme,
	title={Extreme learning machine for regression and multiclass classification},
	author={Huang, Guang-Bin and Zhou, Hongming and Ding, Xiaojian and Zhang, Rui},
	journal={IEEE Transactions on Systems, Man, and Cybernetics, Part B (Cybernetics)},
	volume={42},
	number={2},
	pages={513--529},
	year={2011},
	publisher={IEEE}
}

@article{huang2006universal,
	title={Universal approximation using incremental constructive feedforward networks with random hidden nodes},
	author={Huang, Guang-Bin and Chen, Lei and Siew, Chee Kheong and others},
	journal={IEEE Trans. Neural Networks},
	volume={17},
	number={4},
	pages={879--892},
	year={2006}
}

@article{chen2020unsupervised,
	title={Unsupervised feature selection based extreme learning machine for clustering},
	author={Chen, Jichao and Zeng, Yijie and Li, Yue and Huang, Guang-Bin},
	journal={Neurocomputing},
	volume={386},
	pages={198--207},
	year={2020},
	publisher={Elsevier}
}

@article{huang2011survey,
	title={Extreme learning machines: a survey},
	author={Huang, Guang-Bin and Wang, Dian Hui and Lan, Yuan},
	journal={International journal of machine learning and cybernetics},
	volume={2},
	number={2},
	pages={107--122},
	year={2011},
	publisher={Springer}
}

@article{salaken2017extreme,
	title={Extreme learning machine based transfer learning algorithms: A survey},
	author={Salaken, Syed Moshfeq and Khosravi, Abbas and Nguyen, Thanh and Nahavandi, Saeid},
	journal={Neurocomputing},
	volume={267},
	pages={516--524},
	year={2017},
	publisher={Elsevier}
}

@inproceedings{zhang2018survey,
	title={A Survey of Online Sequential Extreme Learning Machine},
	author={Zhang, Senyue and Tan, Wenan and Li, Yibo},
	booktitle={2018 5th International Conference on Control, Decision and Information Technologies (CoDIT)},
	pages={45--50},
	year={2018},
	organization={IEEE}
}

@article{liang2006fast,
	title={A fast and accurate online sequential learning algorithm for feedforward networks},
	author={Liang, Nan-Ying and Huang, Guang-Bin and Saratchandran, Paramasivan and Sundararajan, Narasimhan},
	journal={IEEE Transactions on neural networks},
	volume={17},
	number={6},
	pages={1411--1423},
	year={2006},
	publisher={IEEE}
}

@article{huang2008enhanced,
	title={Enhanced random search based incremental extreme learning machine},
	author={Huang, Guang-Bin and Chen, Lei},
	journal={Neurocomputing},
	volume={71},
	number={16-18},
	pages={3460--3468},
	year={2008},
	publisher={Elsevier}
}

@article{sun2008sales,
	title={Sales forecasting using extreme learning machine with applications in fashion retailing},
	author={Sun, Zhan-Li and Choi, Tsan-Ming and Au, Kin-Fan and Yu, Yong},
	journal={Decision Support Systems},
	volume={46},
	number={1},
	pages={411--419},
	year={2008},
	publisher={Elsevier}
}

@inproceedings{van2009adaptive,
	title={Adaptive ensemble models of extreme learning machines for time series prediction},
	author={Van Heeswijk, Mark and Miche, Yoan and Lindh-Knuutila, Tiina and Hilbers, Peter AJ and Honkela, Timo and Oja, Erkki and Lendasse, Amaury},
	booktitle={International Conference on Artificial Neural Networks},
	pages={305--314},
	year={2009},
	organization={Springer}
}

@article{lan2009ensemble,
	title={Ensemble of online sequential extreme learning machine},
	author={Lan, Yuan and Soh, Yeng Chai and Huang, Guang-Bin},
	journal={Neurocomputing},
	volume={72},
	number={13-15},
	pages={3391--3395},
	year={2009},
	publisher={Elsevier}
}

@article{rong2008fast,
	title={A fast pruned-extreme learning machine for classification problem},
	author={Rong, Hai-Jun and Ong, Yew-Soon and Tan, Ah-Hwee and Zhu, Zexuan},
	journal={Neurocomputing},
	volume={72},
	number={1-3},
	pages={359--366},
	year={2008},
	publisher={Elsevier}
}

@article{arlot2010survey,
	title={A survey of cross-validation procedures for model selection},
	author={Arlot, Sylvain and Celisse, Alain and others},
	journal={Statistics surveys},
	volume={4},
	pages={40--79},
	year={2010},
	publisher={The author, under a Creative Commons Attribution License}
}

@article{girosi1995regularization,
	title={Regularization theory and neural networks architectures},
	author={Girosi, Federico and Jones, Michael and Poggio, Tomaso},
	journal={Neural computation},
	volume={7},
	number={2},
	pages={219--269},
	year={1995},
	publisher={MIT Press}
}

@article{kingma2014adam,
	title={Adam: A method for stochastic optimization},
	author={Kingma, Diederik P and Ba, Jimmy},
	journal={arXiv preprint arXiv:1412.6980},
	year={2014}
}

@article{zeiler2012adadelta,
	title={Adadelta: an adaptive learning rate method},
	author={Zeiler, Matthew D},
	journal={arXiv preprint arXiv:1212.5701},
	year={2012}
}

@article{reddi2019convergence,
	title={On the convergence of adam and beyond},
	author={Reddi, Sashank J and Kale, Satyen and Kumar, Sanjiv},
	journal={arXiv preprint arXiv:1904.09237},
	year={2019}
}

@article{gunn1998support,
	title={Support vector machines for classification and regression},
	author={Gunn, Steve R and others},
	journal={ISIS technical report},
	volume={14},
	number={1},
	pages={5--16},
	year={1998}
}

@inproceedings{osuna1997improved,
	title={An improved training algorithm for support vector machines},
	author={Osuna, Edgar and Freund, Robert and Girosi, Federico},
	booktitle={Neural networks for signal processing VII. Proceedings of the 1997 IEEE signal processing society workshop},
	pages={276--285},
	year={1997},
	organization={IEEE}
}

@article{hearst1998support,
	title={Support vector machines},
	author={Hearst, Marti A. and Dumais, Susan T and Osuna, Edgar and Platt, John and Scholkopf, Bernhard},
	journal={IEEE Intelligent Systems and their applications},
	volume={13},
	number={4},
	pages={18--28},
	year={1998},
	publisher={IEEE}
}

@inproceedings{boser1992training,
	title={A training algorithm for optimal margin classifiers},
	author={Boser, Bernhard E and Guyon, Isabelle M and Vapnik, Vladimir N},
	booktitle={Proceedings of the fifth annual workshop on Computational learning theory},
	pages={144--152},
	year={1992}
}

@book{shawetaylor2004kernel,
	added-at = {2010-06-21T06:21:28.000+0200},
	asin = {0521813972},
	author = {Shawe-Taylor, John and Cristianini, Nello},
	biburl = {https://www.bibsonomy.org/bibtex/21d17b9d54a4ef23864227f647622d071/ahmedjawwad4u},
	description = {Amazon.com: Kernel Methods for Pattern Analysis (9780521813976): John Shawe-Taylor, Nello Cristianini: Books},
	dewey = {006.31},
	ean = {9780521813976},
	edition = {illustrated edition},
	interhash = {ba08fe16ecfaaef17b41d9e432a4341e},
	intrahash = {1d17b9d54a4ef23864227f647622d071},
	isbn = {0521813972},
	keywords = {kernel-methods},
	publisher = {Cambridge University Press},
	timestamp = {2010-06-21T06:21:29.000+0200},
	title = {Kernel Methods for Pattern Analysis},
	url = {http://www.amazon.com/Kernel-Methods-Pattern-Analysis-Shawe-Taylor/dp/0521813972},
	year = 2004
}

@book{courant89,
	added-at = {2016-04-30T14:07:56.000+0200},
	address = {New York},
	author = {Courant, Richard and Hilbert, David},
	biburl = {https://www.bibsonomy.org/bibtex/2ca5b8c59f4d5e3bbaff61b9cf04e7c2f/ytyoun},
	interhash = {49566a88b146ad81faa6a0a42a95c583},
	intrahash = {ca5b8c59f4d5e3bbaff61b9cf04e7c2f},
	isbn = {0585294283 9780585294285 9783527617210 3527617213},
	keywords = {math physics textbook},
	publisher = {Wiley},
	refid = {45734095},
	timestamp = {2016-04-30T14:07:56.000+0200},
	title = {Methods of Mathematical Physics},
	volume = 1,
	year = 1989
}

@article{mercer1909xvi,
	title={Xvi. functions of positive and negative type, and their connection the theory of integral equations},
	author={Mercer, James},
	journal={Philosophical transactions of the royal society of London. Series A, containing papers of a mathematical or physical character},
	volume={209},
	number={441-458},
	pages={415--446},
	year={1909},
	publisher={The Royal Society London}
}

@article{vapnik1999overview,
	title={An overview of statistical learning theory},
	author={Vapnik, Vladimir N},
	journal={IEEE transactions on neural networks},
	volume={10},
	number={5},
	pages={988--999},
	year={1999},
	publisher={IEEE}
}

@book{scholkopf2018learning,
	title={Learning with kernels: support vector machines, regularization, optimization, and beyond},
	author={Scholkopf, Bernhard and Smola, Alexander J},
	year={2018},
	publisher={Adaptive Computation and Machine Learning series}
}

@article{bottou2007support,
	title={Support vector machine solvers},
	author={Bottou, L{\'e}on and Lin, Chih-Jen},
	journal={Large scale kernel machines},
	volume={3},
	number={1},
	pages={301--320},
	year={2007},
	publisher={MIT press Cambridge, MA}
}

@article{cervantes2020comprehensive,
	title={A comprehensive survey on support vector machine classification: Applications, challenges and trends},
	author={Cervantes, Jair and Garcia-Lamont, Farid and Rodr{\'\i}guez-Mazahua, Lisbeth and Lopez, Asdrubal},
	journal={Neurocomputing},
	volume={408},
	pages={189--215},
	year={2020},
	publisher={Elsevier}
}

@article{bennett2000geometry,
	title={Geometry in learning},
	author={Bennett, Kristin P and Bredensteiner, Erin J},
	journal={MAA NOTES},
	pages={132--148},
	year={2000},
	publisher={Mathematical Association of America}
}


@inproceedings{wang2005training,
	title={Training data selection for support vector machines},
	author={Wang, Jigang and Neskovic, Predrag and Cooper, Leon N},
	booktitle={International Conference on Natural Computation},
	pages={554--564},
	year={2005},
	organization={Springer}
}

@article{dong2005fast,
	title={Fast SVM training algorithm with decomposition on very large data sets},
	author={Dong, Jian-xiong and Krzyzak, Adam and Suen, Ching Y},
	journal={IEEE transactions on pattern analysis and machine intelligence},
	volume={27},
	number={4},
	pages={603--618},
	year={2005},
	publisher={IEEE}
}

@article{graf2004parallel,
	title={Parallel support vector machines: The cascade svm},
	author={Graf, Hans and Cosatto, Eric and Bottou, Leon and Dourdanovic, Igor and Vapnik, Vladimir},
	journal={Advances in neural information processing systems},
	volume={17},
	pages={521--528},
	year={2004}
}


@inproceedings{zeng2008geometric,
	title={A geometric approach to train SVM on very large data sets},
	author={Zeng, Zhi-Qiang and Xu, Hua-Rong and Xie, Yan-Qi and Gao, Ji},
	booktitle={2008 3rd International Conference on Intelligent System and Knowledge Engineering},
	volume={1},
	pages={991--996},
	year={2008},
	organization={IEEE}
}

@inproceedings{decoste2000alpha,
	title={Alpha seeding for support vector machines},
	author={DeCoste, Dennis and Wagstaff, Kiri},
	booktitle={Proceedings of the sixth ACM SIGKDD international conference on Knowledge discovery and data mining},
	pages={345--349},
	year={2000}
}

@article{chawla2002smote,
	title={SMOTE: synthetic minority over-sampling technique},
	author={Chawla, Nitesh V and Bowyer, Kevin W and Hall, Lawrence O and Kegelmeyer, W Philip},
	journal={Journal of artificial intelligence research},
	volume={16},
	pages={321--357},
	year={2002}
}

@inproceedings{chawla2003smoteboost,
	title={SMOTEBoost: Improving prediction of the minority class in boosting},
	author={Chawla, Nitesh V and Lazarevic, Aleksandar and Hall, Lawrence O and Bowyer, Kevin W},
	booktitle={European conference on principles of data mining and knowledge discovery},
	pages={107--119},
	year={2003},
	organization={Springer}
}

@techreport{weston1998multi,
	title={Multi-class support vector machines},
	author={Weston, Jason and Watkins, Chris},
	year={1998},
	institution={Citeseer}
}

@inproceedings{liu2005one,
	title={One-against-all multi-class SVM classification using reliability measures},
	author={Liu, Yi and Zheng, Yuan F},
	booktitle={Proceedings. 2005 IEEE International Joint Conference on Neural Networks, 2005.},
	volume={2},
	pages={849--854},
	year={2005},
	organization={IEEE}
}

@article{brown1990hebbian,
	title={Hebbian synapses: biophysical mechanisms and algorithms},
	author={Brown, Thomas H and Kairiss, Edward W and Keenan, Claude L},
	journal={Annual review of neuroscience},
	volume={13},
	number={1},
	pages={475--511},
	year={1990},
	publisher={Annual Reviews 4139 El Camino Way, PO Box 10139, Palo Alto, CA 94303-0139, USA}
}

@article{rumelhart1985feature,
	title={Feature discovery by competitive learning},
	author={Rumelhart, David E and Zipser, David},
	journal={Cognitive science},
	volume={9},
	number={1},
	pages={75--112},
	year={1985},
	publisher={Wiley Online Library}
}

@article{kohonen1990self,
	title={The self-organizing map},
	author={Kohonen, Teuvo},
	journal={Proceedings of the IEEE},
	volume={78},
	number={9},
	pages={1464--1480},
	year={1990},
	publisher={IEEE}
}

@article{kaski1998bibliography,
	title={Bibliography of self-organizing map (SOM) papers: 1981--1997},
	author={Kaski, Samuel and Kangas, Jari and Kohonen, Teuvo},
	journal={Neural computing surveys},
	volume={1},
	number={3\&4},
	pages={1--176},
	year={1998}
}

@article{oja2003bibliography,
	title={Bibliography of self-organizing map (SOM) papers: 1998--2001 addendum},
	author={Oja, Merja and Kaski, Samuel and Kohonen, Teuvo},
	journal={Neural computing surveys},
	volume={3},
	number={1},
	pages={1--156},
	year={2003}
}

@article{kohonen2013essentials,
	title={Essentials of the self-organizing map},
	author={Kohonen, Teuvo},
	journal={Neural networks},
	volume={37},
	pages={52--65},
	year={2013},
	publisher={Elsevier}
}

@article{de2000improving,
	title={Improving generalization of MLPs with multi-objective optimization},
	author={de Albuquerque Teixeira, Roselito and Braga, Ant{\^o}nio P{\'a}dua and Takahashi, Ricardo HC and Saldanha, Rodney R},
	journal={Neurocomputing},
	volume={35},
	number={1-4},
	pages={189--194},
	year={2000},
	publisher={Elsevier}
}

@article{de2017multi,
	title={Multi-objective decision in machine learning},
	author={de Medeiros, Talles Henrique and Rocha, Honovan Paz and Torres, Frank Sill and Takahashi, Ricardo Hiroshi Caldeira and Braga, Ant{\^o}nio P{\'a}dua},
	journal={Journal of Control, Automation and Electrical Systems},
	volume={28},
	number={2},
	pages={217--227},
	year={2017},
	publisher={Springer}
}

@inproceedings{graning2006generalization,
	title={Generalization improvement in multi-objective learning},
	author={Graning, Lars and Jin, Yaochu and Sendhoff, Bernhard},
	booktitle={The 2006 IEEE International Joint Conference on Neural Network Proceedings},
	pages={4839--4846},
	year={2006},
	organization={IEEE}
}

@book{jin2006multi,
	title={Multi-objective machine learning},
	author={Jin, Yaochu},
	volume={16},
	year={2006},
	publisher={Springer Science \& Business Media}
}

@article{costa2007improving,
	title={Improving generalization of MLPs with sliding mode control and the Levenberg--Marquardt algorithm},
	author={Costa, Marcelo Azevedo and de P{\'a}dua Braga, Ant{\^o}nio and de Menezes, Benjamin Rodrigues},
	journal={Neurocomputing},
	volume={70},
	number={7-9},
	pages={1342--1347},
	year={2007},
	publisher={Elsevier}
}


@article{kokshenev2010efficient,
	title={An efficient multi-objective learning algorithm for RBF neural network},
	author={Kokshenev, Illya and Braga, Antonio Padua},
	journal={Neurocomputing},
	volume={73},
	number={16-18},
	pages={2799--2808},
	year={2010},
	publisher={Elsevier}
}

@inproceedings{moreira2010lmi,
	title={Lmi formulation for multiobjective learning in radial basis function neural networks},
	author={Moreira, Gladston JP and Wanner, Elizabeth F and Guimar{\~a}es, Frederico G and Duczmal, Luiz H and Takahashi, Ricardo HC},
	booktitle={The 2010 International Joint Conference on Neural Networks (IJCNN)},
	pages={1--7},
	year={2010},
	organization={IEEE}
}


@article{parreiras2005decision,
	title={Decision making in multiobjective optimization problems},
	author={Parreiras, RO and Vasconcelos, JA},
	journal={Real-world multi-objective system engineering},
	pages={29--52},
	year={2005}
}

@inproceedings{rocha2015training,
	title={Training multi-layer perceptron with multi-objective optimization and spherical weights representation},
	author={Rocha, Honovan P and Costa, Marcelo A and Braga, Ant{\^o}nio P},
	booktitle={Proceedings of the European symposium on neural networks},
	pages={131--136},
	year={2015}
}

@inproceedings{torres2012computational,
	title={A computational geometry approach for pareto-optimal selection of neural networks},
	author={Torres, Luiz CB and Castro, Cristiano L and Braga, Ant{\^o}nio P},
	booktitle={International Conference on Artificial Neural Networks},
	pages={100--107},
	year={2012},
	organization={Springer}
}


@inproceedings{teixeira2007usage,
	title={The usage of golden section in calculating the efficient solution in artificial neural networks training by multi-objective optimization},
	author={Teixeira, Roselito A and Braga, Ant{\^o}nio P and Saldanha, Rodney R and Takahashi, Ricardo HC and Medeiros, Talles H},
	booktitle={International Conference on Artificial Neural Networks},
	pages={289--298},
	year={2007},
	organization={Springer}
}


@book{collette2004multiobjective,
	title={Multiobjective optimization: principles and case studies},
	author={Collette, Yann and Siarry, Patrick},
	year={2004},
	publisher={Springer Science \& Business Media}
}

@incollection{deb2014multi,
	title={Multi-objective optimization},
	author={Deb, Kalyanmoy},
	booktitle={Search methodologies},
	pages={403--449},
	year={2014},
	publisher={Springer}
}

@inproceedings{jin2004neural,
	title={Neural network regularization and ensembling using multi-objective evolutionary algorithms},
	author={Jin, Yaochu and Okabe, Tatsuya and Sendhoff, Bernhard},
	booktitle={Proceedings of the 2004 Congress on Evolutionary Computation (IEEE Cat. No. 04TH8753)},
	volume={1},
	pages={1--8},
	year={2004},
	organization={IEEE}
}

@inproceedings{bartlett1996generalization,
	author = {Bartlett, Peter L.},
	title = {For Valid Generalization, the Size of the Weights is More Important than the Size of the Network},
	year = {1996},
	publisher = {MIT Press},
	address = {Cambridge, MA, USA},
	booktitle = {Proceedings of the 9th International Conference on Neural Information Processing Systems},
	pages = {134–140},
	numpages = {7},
	location = {Denver, Colorado},
	series = {NIPS'96}
}

@article{hansen1993use,
	title={The use of the L-curve in the regularization of discrete ill-posed problems},
	author={Hansen, Per Christian and O’Leary, Dianne Prost},
	journal={SIAM journal on scientific computing},
	volume={14},
	number={6},
	pages={1487--1503},
	year={1993},
	publisher={SIAM}
}

@article{auer2008learning,
	title={A learning rule for very simple universal approximators consisting of a single layer of perceptrons},
	author={Auer, Peter and Burgsteiner, Harald and Maass, Wolfgang},
	journal={Neural networks},
	volume={21},
	number={5},
	pages={786--795},
	year={2008},
	publisher={Elsevier}
}

@article{sommer1999improved,
	title={Improved bidirectional retrieval of sparse patterns stored by Hebbian learning},
	author={Sommer, Friedrich T and Palm, G{\"u}nther},
	journal={Neural Networks},
	volume={12},
	number={2},
	pages={281--297},
	year={1999},
	publisher={Elsevier}
}

@article{miller1994role,
	title={The role of constraints in Hebbian learning},
	author={Miller, Kenneth D and MacKay, David JC},
	journal={Neural computation},
	volume={6},
	number={1},
	pages={100--126},
	year={1994},
	publisher={MIT Press}
}

@article{fernandez2011direct,
	title={Direct parallel perceptrons (DPPs): fast analytical calculation of the parallel perceptrons weights with margin control for classification tasks},
	author={Fernandez-Delgado, Manuel and Ribeiro, Jorge and Cernadas, Eva and Ameneiro, Sen{\'e}n Barro},
	journal={IEEE transactions on neural networks},
	volume={22},
	number={11},
	pages={1837--1848},
	year={2011},
	publisher={IEEE}
}

@inproceedings{kosko1986differential,
	title={Differential hebbian learning},
	author={Kosko, Bart},
	booktitle={AIP Conference proceedings},
	volume={151},
	number={1},
	pages={277--282},
	year={1986},
	organization={American Institute of Physics}
}

@article{gerstner2002mathematical,
	title={Mathematical formulations of Hebbian learning},
	author={Gerstner, Wulfram and Kistler, Werner M},
	journal={Biological cybernetics},
	volume={87},
	number={5-6},
	pages={404--415},
	year={2002},
	publisher={Springer}
}

@article{song2000competitive,
	title={Competitive Hebbian learning through spike-timing-dependent synaptic plasticity},
	author={Song, Sen and Miller, Kenneth D and Abbott, Larry F},
	journal={Nature neuroscience},
	volume={3},
	number={9},
	pages={919--926},
	year={2000},
	publisher={Nature Publishing Group}
}

@article{brunel1996hebbian,
	title={Hebbian learning of context in recurrent neural networks},
	author={Brunel, Nicolas},
	journal={Neural computation},
	volume={8},
	number={8},
	pages={1677--1710},
	year={1996},
	publisher={MIT Press}
}

@article{o2001generalization,
	title={Generalization in interactive networks: The benefits of inhibitory competition and Hebbian learning},
	author={O'reilly, Randall C},
	journal={Neural computation},
	volume={13},
	number={6},
	pages={1199--1241},
	year={2001},
	publisher={MIT Press}
}

@article{mceliece1987capacity,
	title={The capacity of the Hopfield associative memory},
	author={McEliece, ROBERTJ and Posner, Edwardc and Rodemich, EUGENER and Venkatesh, SANTOSHS},
	journal={IEEE transactions on Information Theory},
	volume={33},
	number={4},
	pages={461--482},
	year={1987},
	publisher={IEEE}
}

@article{abu1985information,
	title={Information capacity of the Hopfield model},
	author={Abu-Mostafa, YASER and Jacques, J St},
	journal={IEEE Transactions on Information Theory},
	volume={31},
	number={4},
	pages={461--464},
	year={1985},
	publisher={IEEE}
}

@article{carpenter1988art,
	title={The ART of adaptive pattern recognition by a self-organizing neural network},
	author={Carpenter, Gail A. and Grossberg, Stephen},
	journal={Computer},
	volume={21},
	number={3},
	pages={77--88},
	year={1988},
	publisher={IEEE}
}

@article{gerstner2002mathematical,
	title={Mathematical formulations of Hebbian learning},
	author={Gerstner, Wulfram and Kistler, Werner M},
	journal={Biological cybernetics},
	volume={87},
	number={5-6},
	pages={404--415},
	year={2002},
	publisher={Springer}
}

@inproceedings{martinetz1993competitive,
	title={Competitive Hebbian learning rule forms perfectly topology preserving maps},
	author={Martinetz, Thomas},
	booktitle={International conference on artificial neural networks},
	pages={427--434},
	year={1993},
	organization={Springer}
}

@article{caporale2008spike,
	title={Spike timing--dependent plasticity: a Hebbian learning rule},
	author={Caporale, Natalia and Dan, Yang},
	journal={Annu. Rev. Neurosci.},
	volume={31},
	pages={25--46},
	year={2008},
	publisher={Annual Reviews}
}

@article{kempter1999hebbian,
	title={Hebbian learning and spiking neurons},
	author={Kempter, Richard and Gerstner, Wulfram and Van Hemmen, J Leo},
	journal={Physical Review E},
	volume={59},
	number={4},
	pages={4498},
	year={1999},
	publisher={APS}
}

@Inbook{choe2013hebbian,
	author={Choe, Yoonsuck},
	editor={Jaeger, Dieter
	and Jung, Ranu},
	title={Hebbian Learning},
	bookTitle={Encyclopedia of Computational Neuroscience},
	year={2013},
	publisher="{Springer New York}",
	address={New York, NY},
	pages={1--5},
	doi={10.1007/978-1-4614-7320-6_672-1},
	url={https://doi.org/10.1007/978-1-4614-7320-6_672-1}
}

@article{bienenstock1982theory,
	title={Theory for the development of neuron selectivity: orientation specificity and binocular interaction in visual cortex},
	author={Bienenstock, Elie L and Cooper, Leon N and Munro, Paul W},
	journal={Journal of Neuroscience},
	volume={2},
	number={1},
	pages={32--48},
	year={1982},
	publisher={Soc Neuroscience}
}

@article{linsker1988self,
	title={Self-organization in a perceptual network},
	author={Linsker, Ralph},
	journal={Computer},
	volume={21},
	number={3},
	pages={105--117},
	year={1988},
	publisher={IEEE}
}

@article{aiyer1990theoretical,
	title={A theoretical investigation into the performance of the Hopfield model},
	author={Aiyer, Sreeram VB and Niranjan, Mahesan and Fallside, Frank},
	journal={IEEE transactions on neural networks},
	volume={1},
	number={2},
	pages={204--215},
	year={1990},
	publisher={IEEE}
}

@article{smith1999neural,
	title={Neural networks for combinatorial optimization: a review of more than a decade of research},
	author={Smith, Kate A},
	journal={INFORMS Journal on Computing},
	volume={11},
	number={1},
	pages={15--34},
	year={1999},
	publisher={INFORMS}
}

@article{hopfield1985neural,
	title={“Neural” computation of decisions in optimization problems},
	author={Hopfield, John J and Tank, David W},
	journal={Biological cybernetics},
	volume={52},
	number={3},
	pages={141--152},
	year={1985},
	publisher={Springer}
}

@article{zhang2014comprehensive,
	title={A comprehensive review of stability analysis of continuous-time recurrent neural networks},
	author={Zhang, Huaguang and Wang, Zhanshan and Liu, Derong},
	journal={IEEE Transactions on Neural Networks and Learning Systems},
	volume={25},
	number={7},
	pages={1229--1262},
	year={2014},
	publisher={IEEE}
}

@article{ahalt1990competitive,
	title={Competitive learning algorithms for vector quantization},
	author={Ahalt, Stanley C and Krishnamurthy, Ashok K and Chen, Prakoon and Melton, Douglas E},
	journal={Neural networks},
	volume={3},
	number={3},
	pages={277--290},
	year={1990},
	publisher={Pergamon}
}

@article{kangas1990variants,
	title={Variants of self-organizing maps},
	author={Kangas, Jari and Kohonen, Teuvo and Laaksonen, Jorma},
	journal={IEEE transactions on neural networks},
	volume={1},
	number={1},
	pages={93--99},
	year={1990}
}

@inproceedings{baccao2005self,
	title={Self-organizing maps as substitutes for k-means clustering},
	author={Ba{\c{c}}{\~a}o, Fernando and Lobo, Victor and Painho, Marco},
	booktitle={International Conference on Computational Science},
	pages={476--483},
	year={2005},
	organization={Springer}
}

@incollection{yin2008self,
	title={The self-organizing maps: background, theories, extensions and applications},
	author={Yin, Hujun},
	booktitle={Computational intelligence: A compendium},
	pages={715--762},
	year={2008},
	publisher={Springer}
}

@inproceedings{miljkovic2017brief,
	title={Brief review of self-organizing maps},
	author={Miljkovi{\'c}, Dubravko},
	booktitle={2017 40th International Convention on Information and Communication Technology, Electronics and Microelectronics (MIPRO)},
	pages={1061--1066},
	year={2017},
	organization={IEEE}
}

@article{kohonen2013essentials,
	title={Essentials of the self-organizing map},
	author={Kohonen, Teuvo},
	journal={Neural networks},
	volume={37},
	pages={52--65},
	year={2013},
	publisher={Elsevier}
}

@article{oja2003bibliography,
	title={Bibliography of self-organizing map (SOM) papers: 1998--2001 addendum},
	author={Oja, Merja and Kaski, Samuel and Kohonen, Teuvo},
	journal={Neural computing surveys},
	volume={3},
	number={1},
	pages={1--156},
	year={2003}
}

@article{kaski1998bibliography,
	title={Bibliography of self-organizing map (SOM) papers: 1981--1997},
	author={Kaski, Samuel and Kangas, Jari and Kohonen, Teuvo},
	journal={Neural computing surveys},
	volume={1},
	number={3\&4},
	pages={1--176},
	year={1998}
}

@article{rumelhart1985feature,
	title={Feature discovery by competitive learning},
	author={Rumelhart, David E and Zipser, David},
	journal={Cognitive science},
	volume={9},
	number={1},
	pages={75--112},
	year={1985},
	publisher={Wiley Online Library}
}

@article{kiang2001extending,
	title={Extending the Kohonen self-organizing map networks for clustering analysis},
	author={Kiang, Melody Y},
	journal={Computational Statistics \& Data Analysis},
	volume={38},
	number={2},
	pages={161--180},
	year={2001},
	publisher={Elsevier}
}

@article{cottrell1998theoretical,
	title={Theoretical aspects of the SOM algorithm},
	author={Cottrell, Marie and Fort, Jean-Claude and Pag{\`e}s, Gilles},
	journal={Neurocomputing},
	volume={21},
	number={1-3},
	pages={119--138},
	year={1998},
	publisher={Elsevier}
}

@article{laaksonen2011advances,
	title={Advances in Self-Organizing Maps-Proceedings of WSOM 2011, 8th International Workshop},
	author={Laaksonen, Jorma and Honkela, Timo},
	year={2011},
	publisher={Springer}
}

@article{kaski1998websom,
	title={WEBSOM--self-organizing maps of document collections},
	author={Kaski, Samuel and Honkela, Timo and Lagus, Krista and Kohonen, Teuvo},
	journal={Neurocomputing},
	volume={21},
	number={1-3},
	pages={101--117},
	year={1998},
	publisher={Elsevier}
}

@inproceedings{vellido2019advances,
	title={Advances in Self-Organizing Maps, Learning Vector Quantization, Clustering and Data Visualization},
	author={Vellido, Alfredo and Gibert, Karina and Angulo, Cecilio and Guerrero, Jos{\'e} David Mart{\'\i}n},
	booktitle={Conference proceedings WSOM},
	pages={6},
	year={2019},
	organization={Springer}
}

@article{polla2009bibliography,
	title={Bibliography of self-organizing map (SOM) papers: 2002-2005 addendum},
	author={P{\"o}ll{\"a}, Matti and Honkela, Timo and Kohonen, Teuvo},
	journal={Neural Computing Surveys},
	year={2009}
}

@article{duchi2011adaptive,
	title={Adaptive subgradient methods for online learning and stochastic optimization.},
	author={Duchi, John and Hazan, Elad and Singer, Yoram},
	journal={Journal of machine learning research},
	volume={12},
	number={7},
	year={2011}
}

@article{ruder2016overview,
	title={An overview of gradient descent optimization algorithms},
	author={Ruder, Sebastian},
	journal={arXiv preprint arXiv:1609.04747},
	year={2016}
}

@inproceedings{tikhonov1963solution,
	title={On the solution of ill-posed problems and the method of regularization},
	author={Tikhonov, Andrei Nikolaevich},
	booktitle={Doklady Akademii Nauk},
	volume={151},
	number={3},
	pages={501--504},
	year={1963},
	organization={Russian Academy of Sciences}
}

@article{hoerl1970ridge,
	title={Ridge regression: applications to nonorthogonal problems},
	author={Hoerl, Arthur E and Kennard, Robert W},
	journal={Technometrics},
	volume={12},
	number={1},
	pages={69--82},
	year={1970},
	publisher={Taylor \& Francis Group}
}

@article{tibshirani2011regression,
	title={Regression shrinkage and selection via the lasso: a retrospective},
	author={Tibshirani, Robert},
	journal={Journal of the Royal Statistical Society: Series B (Statistical Methodology)},
	volume={73},
	number={3},
	pages={273--282},
	year={2011},
	publisher={Wiley Online Library}
}

@article{zou2005regularization,
	title={Regularization and variable selection via the elastic net},
	author={Zou, Hui and Hastie, Trevor},
	journal={Journal of the royal statistical society: series B (statistical methodology)},
	volume={67},
	number={2},
	pages={301--320},
	year={2005},
	publisher={Wiley Online Library}
}

@article{salzberg1997comparing,
	title={On comparing classifiers: Pitfalls to avoid and a recommended approach},
	author={Salzberg, Steven L},
	journal={Data mining and knowledge discovery},
	volume={1},
	number={3},
	pages={317--328},
	year={1997},
	publisher={Springer}
}