@article{widrow199030,
  title={30 years of adaptive neural networks: perceptron, madaline, and backpropagation},
  author={Widrow, Bernard and Lehr, Michael A},
  journal={Proceedings of the IEEE},
  volume={78},
  number={9},
  pages={1415--1442},
  year={1990},
  publisher={IEEE}
}

@article{lippmann1989pattern,
  title={Pattern classification using neural networks},
  author={Lippmann, Richard P},
  journal={IEEE communications magazine},
  volume={27},
  number={11},
  pages={47--50},
  year={1989},
  publisher={IEEE}
}

@article{jain1996artificial,
  title={Artificial neural networks: A tutorial},
  author={Jain, Anil K and Mao, Jianchang and Mohiuddin, K Moidin},
  journal={Computer},
  volume={29},
  number={3},
  pages={31--44},
  year={1996},
  publisher={IEEE}
}

@article{gershenson2003artificial,
  title={Artificial neural networks for beginners},
  author={Gershenson, Carlos},
  journal={arXiv preprint cs/0308031},
  year={2003}
}

@book{priddy2005artificial,
  title={Artificial neural networks: an introduction},
  author={Priddy, Kevin L and Keller, Paul E},
  volume={68},
  year={2005},
  publisher={SPIE press}
}

@article{abiodun2018state,
  title={State-of-the-art in artificial neural network applications: A survey},
  author={Abiodun, Oludare Isaac and Jantan, Aman and Omolara, Abiodun Esther and Dada, Kemi Victoria and Mohamed, Nachaat AbdElatif and Arshad, Humaira},
  journal={Heliyon},
  volume={4},
  number={11},
  pages={e00938},
  year={2018},
  publisher={Elsevier}
}

@article{geman1992neural,
  title={Neural networks and the bias/variance dilemma},
  author={Geman, Stuart and Bienenstock, Elie and Doursat, Ren{\'e}},
  journal={Neural computation},
  volume={4},
  number={1},
  pages={1--58},
  year={1992},
  publisher={MIT Press}
}